%%%%%%%%%%%%%%%%%%%%%%%%%%%%%%%%%%%%%%%%%%%%%%%%%%%%%%%%%%%%%%%%%%%%%%%%%%%%%
%%%%%%%%%%%%%%%%%%%%%% BOOKS %%%%%%%%%%%%%%%%%%%%%%%%%%%%%%%%%%%%%%%%%%%%%%%%
@book{ma2012invitation,
  title={An invitation to 3-d vision: from images to geometric models},
  author={Ma, Yi and Soatto, Stefano and Kosecka, Jana and Sastry, S Shankar},
  volume={26},
  year={2012},
  publisher={Springer Science \& Business Media}
}

@book{hartley2003multiple,
  title={Multiple view geometry in computer vision},
  author={Hartley, Richard and Zisserman, Andrew},
  year={2003},
  publisher={Cambridge university press}
}

@book{szeliski2010computer,
  title={Computer vision: algorithms and applications},
  author={Szeliski, Richard},
  year={2010},
  publisher={Springer Science \& Business Media}
}

@inproceedings{pollefeys2004visual,
  title={Visual 3D Modeling from Images.},
  author={Pollefeys, Marc},
  booktitle={VMV},
  pages={3},
  year={2004}
}

@misc{goodfellow2016deep,
  title={Deep learning},
  author={Goodfellow, Ian and Bengio, Yoshua and Courville, Aaron},
  year={2016},
  publisher={MIT press}
}

@article{forsyth2003computer,
  title={Computer vision: A modern approach},
  author={Forsyth, David A and Ponce, Jean},
  journal={Computer vision: a modern approach},
  pages={88--101},
  year={2003}
}

@book{radke2013computer,
  title={Computer Vision for Visual Effects},
  author={Radke, R.J.},
  isbn={9780521766876},
  lccn={2012017763},
  series={Computer Vision for Visual Effects},
  url={https://books.google.gr/books?id=MgIVyAWf9VUC},
  year={2013},
  publisher={Cambridge University Press}
}

%%%%%%%%%%%%%%%%%%%%%%%%%%%%%%%%%%%%%%%%%%%%%%%%%%%%%%%%%%%%%%%%%%%%%%%%%%%%%%%%
%%%%%%%%%%%%%%%%%%%%%%% PAPERS %%%%%%%%%%%%%%%%%%%%%%%%%%%%%%%%%%%%%%%%%%%%%%%%%

%%%%%%%%%%%%%%%%%%%%%%%%%%%%%%% basic papers %%%%%%%%%%%%%%%%%%%%%%%%%%%%%%%%%%
@article{zbontar2016stereo,
  title={Stereo matching by training a convolutional neural network to compare image patches},
  author={Zbontar, Jure and LeCun, Yann},
  journal={Journal of Machine Learning Research},
  volume={17},
  number={1-32},
  pages={2},
  year={2016}
}

@inproceedings{Luo,
  author    = {Wenjie Luo and
               Alexander G. Schwing and
               Raquel Urtasun},
  title     = {Efficient Deep Learning for Stereo Matching},
  booktitle = {{CVPR}},
  pages     = {5695--5703},
  publisher = {{IEEE} Computer Society},
  year      = {2016}
}

@inproceedings{kendall2017end,
  title={End-to-End Learning of Geometry and Context for Deep Stereo Regression},
  author={Kendall, Alex and Martirosyan, Hayk and Dasgupta, Saumitro and Henry, Peter and Kennedy, Ryan and Bachrach, Abraham and Bry, Adam},
  booktitle={Proceedings of the IEEE International Conference on Computer Vision},
  year={2017}
}

@article{gidaris2016detect,
  title={Detect, Replace, Refine: Deep Structured Prediction For Pixel Wise Labeling},
  author={Gidaris, Spyros and Komodakis, Nikos},
  journal={arXiv preprint arXiv:1612.04770},
  year={2016}
}


%%%%%%%%%%%%%%%%%%%%%%%%%%%%%%%% cnn %%%%%%%%%%%%%%%%%%%%%%%%%%%%%%%%%%%%%%%%%%
@article{JMLR:v15:srivastava14a,
  author  = {Nitish Srivastava and Geoffrey Hinton and Alex Krizhevsky and Ilya Sutskever and Ruslan Salakhutdinov},
  title   = {Dropout: A Simple Way to Prevent Neural Networks from Overfitting},
  journal = {Journal of Machine Learning Research},
  year    = {2014},
  volume  = {15},
  pages   = {1929-1958},
  url     = {http://jmlr.org/papers/v15/srivastava14a.html}
}

@inproceedings{kingma2014adam,
  title={Adam: A Method for Stochastic Optimization},
  author={Kingma, Diederik P. and Ba, Jimmy},
  booktitle={Proceedings of the 3rd International Conference on Learning Representations (ICLR)},
  year={2014}
}

@article{zhang2007estimating,
  title={Estimating optimal parameters for MRF stereo from a single image pair},
  author={Zhang, Li and Seitz, Steven M},
  journal={IEEE Transactions on Pattern Analysis and Machine Intelligence},
  volume={29},
  number={2},
  pages={331--342},
  year={2007},
  publisher={IEEE}
}

@inproceedings{li2008learning,
  title={Learning for stereo vision using the structured support vector machine},
  author={Li, Yunpeng and Huttenlocher, Daniel P},
  booktitle={Computer Vision and Pattern Recognition, 2008. CVPR 2008. IEEE Conference on},
  pages={1--8},
  year={2008},
  organization={IEEE}
}

@InProceedings{Haeusler_2013_CVPR,
author = {Haeusler, Ralf and Nair, Rahul and Kondermann, Daniel},
title = {Ensemble Learning for Confidence Measures in Stereo Vision},
booktitle = {The IEEE Conference on Computer Vision and Pattern Recognition (CVPR)},
month = {June},
year = {2013}
}

@inproceedings{park2015leveraging,
  title={Leveraging stereo matching with learning-based confidence measures},
  author={Park, Min-Gyu and Yoon, Kuk-Jin},
  booktitle={Proceedings of the IEEE Conference on Computer Vision and Pattern Recognition},
  pages={101--109},
  year={2015}
}

@InProceedings{Spyropoulos_2014_CVPR,
author = {Spyropoulos, Aristotle and Komodakis, Nikos and Mordohai, Philippos},
title = {Learning to Detect Ground Control Points for Improving the Accuracy of Stereo Matching},
booktitle = {The IEEE Conference on Computer Vision and Pattern Recognition (CVPR)},
month = {June},
year = {2014}
}

@inproceedings{zagoruyko2015learning,
  title={Learning to compare image patches via convolutional neural networks},
  author={Zagoruyko, Sergey and Komodakis, Nikos},
  booktitle={Proceedings of the IEEE Conference on Computer Vision and Pattern Recognition},
  pages={4353--4361},
  year={2015}
}

@inproceedings{han2015matchnet,
  title={Matchnet: Unifying feature and metric learning for patch-based matching},
  author={Han, Xufeng and Leung, Thomas and Jia, Yangqing and Sukthankar, Rahul and Berg, Alexander C},
  booktitle={Proceedings of the IEEE Conference on Computer Vision and Pattern Recognition},
  pages={3279--3286},
  year={2015}
}

@inproceedings{ioffe2015batch,
  title={Batch normalization: Accelerating deep network training by reducing internal covariate shift},
  author={Ioffe, Sergey and Szegedy, Christian},
  booktitle={International Conference on Machine Learning},
  pages={448--456},
  year={2015}
}

@InProceedings{He_2015_ICCV,
author = {He, Kaiming and Zhang, Xiangyu and Ren, Shaoqing and Sun, Jian},
title = {Delving Deep into Rectifiers: Surpassing Human-Level Performance on ImageNet Classification},
booktitle = {The IEEE International Conference on Computer Vision (ICCV)},
month = {December},
year = {2015}
}

%%%%%%%%%%%%%%%%%%%%%%%%%%%%%% machine learning %%%%%%%%%%%%%%%%%%%%%%%%%%%%%%
@inproceedings{kong2004method,
  title={A method for learning matching errors for stereo computation.},
  author={Kong, Dan and Tao, Hai},
  booktitle={BMVC},
  volume={1},
  pages={2},
  year={2004}
}

%%%%%%%%%%%%%%%%%%%%%%%%%%%%%% matching cost %%%%%%%%%%%%%%%%%%%%%%%%%%%%%%%%%%
@article{anandan1989computational,
  title={A computational framework and an algorithm for the measurement of visual motion},
  author={Anandan, Padmanabhan},
  journal={International Journal of Computer Vision},
  volume={2},
  number={3},
  pages={283--310},
  year={1989},
  publisher={Springer Netherlands}
}

@article{matthies1989kalman,
  title={Kalman filter-based algorithms for estimating depth from image sequences},
  author={Matthies, Larry and Kanade, Takeo and Szeliski, Richard},
  journal={International Journal of Computer Vision},
  volume={3},
  number={3},
  pages={209--238},
  year={1989},
  publisher={Springer Netherlands}
}

@article{kanade1997development,
  title={Development of a video-rate stereo machine},
  author={Kanade, Takeo and Kano, Hiroshi and Kimura, Shigeru and Kawamura, Eiji and Yoshida, Atsushi and Oda, Kazuo},
  journal={Journal of the Robotics Society of Japan},
  volume={15},
  number={2},
  pages={261--267},
  year={1997},
  publisher={The Robotics Society of Japan}
}

@misc{trucco1998introductory,
  title={Introductory techniques for 3-D computer vision},
  author={Trucco, Emanuele and Verri, Alessandro},
  year={1998},
  publisher={Prentice Hall Englewood Cliffs}
}

@misc{faugeras1993three,
  title={Three-dimensional computer vision: a geometric viewpoint},
  author={Faugeras, Olivier},
  year={1993},
  publisher={MIT press}
}

@article{in2002taxonomy,
  title={A taxonomy and evaluation of dense two-frame stereo correspondence algorithms},
  author={Scharstein, Daniel and Szeliski, Richard},
  journal={International journal of computer vision},
  volume={47},
  number={1-3},
  pages={7--42},
  year={2002},
  publisher={Springer}
}

@article{hirschmuller2009evaluation,
  title={Evaluation of stereo matching costs on images with radiometric differences},
  author={Hirschmuller, Heiko and Scharstein, Daniel},
  journal={IEEE transactions on pattern analysis and machine intelligence},
  volume={31},
  number={9},
  pages={1582--1599},
  year={2009},
  publisher={IEEE}
}

@article{birchfield1998pixel,
  title={A pixel dissimilarity measure that is insensitive to image sampling},
  author={Birchfield, Stan and Tomasi, Carlo},
  journal={IEEE Transactions on Pattern Analysis and Machine Intelligence},
  volume={20},
  number={4},
  pages={401--406},
  year={1998},
  publisher={IEEE}
}

@techreport{hannah1974computer,
  title={Computer matching of areas in stereo images},
  author={Hannah, Marsha J},
  year={1974},
  institution={STANFORD UNIV CA DEPT OF COMPUTER SCIENCE}
}


@inproceedings{zabih1994non,
  title={Non-parametric local transforms for computing visual correspondence},
  author={Zabih, Ramin and Woodfill, John},
  booktitle={European conference on computer vision},
  pages={151--158},
  year={1994},
  organization={Springer}
}


%%%%%%%%%%%%%%%%%%%%%%%%%%%%%%% stereo method %%%%%%%%%%%%%%%%%%%%%%%%%%%%%%%%%%

%%%%%%%%%%%%%%%%%%%%%%%%%%%%% cross-based cost aggregation %%%%%%%%%%%%%%%%%%%%
@inproceedings{mei2011building,
  title={On building an accurate stereo matching system on graphics hardware},
  author={Mei, Xing and Sun, Xun and Zhou, Mingcai and Jiao, Shaohui and Wang, Haitao and Zhang, Xiaopeng},
  year={2011}
}

@article{zhang2009cross,
  title={Cross-based local stereo matching using orthogonal integral images},
  author={Zhang, Ke and Lu, Jiangbo and Lafruit, Gauthier},
  journal={IEEE transactions on circuits and systems for video technology},
  volume={19},
  number={7},
  pages={1073--1079},
  year={2009},
  publisher={IEEE}
}

@inproceedings{lu2008anisotropic,
  title={Anisotropic local high-confidence voting for accurate stereo correspondence},
  author={Lu, Jiangbo and Lafruit, Gauthier and Catthoor, Francky},
  booktitle={Electronic Imaging 2008},
  pages={68120J--68120J},
  year={2008},
  organization={International Society for Optics and Photonics}
}

@article{kanade1994stereo,
  title={A stereo matching algorithm with an adaptive window: Theory and experiment},
  author={Kanade, Takeo and Okutomi, Masatoshi},
  journal={IEEE transactions on pattern analysis and machine intelligence},
  volume={16},
  number={9},
  pages={920--932},
  year={1994},
  publisher={IEEE}
}

@inproceedings{kang2001handling,
  title={Handling occlusions in dense multi-view stereo},
  author={Kang, Sing Bing and Szeliski, Richard and Chai, Jinxiang},
  booktitle={Computer Vision and Pattern Recognition, 2001. CVPR 2001. Proceedings of the 2001 IEEE Computer Society Conference on},
  volume={1},
  pages={I--I},
  year={2001},
  organization={IEEE}
}

@article{scharstein1998stereo,
  title={Stereo matching with nonlinear diffusion},
  author={Scharstein, Daniel and Szeliski, Richard},
  journal={International journal of computer vision},
  volume={28},
  number={2},
  pages={155--174},
  year={1998},
  publisher={Kluwer Academic Publishers}
}


%%%%%%%%%%%%%%%%% semi-global matching %%%%%%%%%%%%%%%%%%%%%%%%%%

@article{hirschmuller2008stereo,
  title={Stereo processing by semiglobal matching and mutual information},
  author={Hirschmuller, Heiko},
  journal={Pattern Analysis and Machine Intelligence, IEEE Transactions on},
  volume={30},
  number={2},
  pages={328--341},
  year={2008},
  publisher={IEEE}
}

@article{geiger1991parallel,
  title={Parallel and deterministic algorithms from MRFs: Surface reconstruction},
  author={Geiger, Davi and Girosi, Federico},
  journal={IEEE Transactions on Pattern Analysis and Machine Intelligence},
  volume={13},
  number={5},
  pages={401--412},
  year={1991},
  publisher={IEEE}
}

@article{boykov2001fast,
  title={Fast approximate energy minimization via graph cuts},
  author={Boykov, Yuri and Veksler, Olga and Zabih, Ramin},
  journal={IEEE Transactions on pattern analysis and machine intelligence},
  volume={23},
  number={11},
  pages={1222--1239},
  year={2001},
  publisher={IEEE}
}

@inproceedings{kolmogorov2001computing,
  title={Computing visual correspondence with occlusions using graph cuts},
  author={Kolmogorov, Vladimir and Zabih, Ramin},
  booktitle={Computer Vision, 2001. ICCV 2001. Proceedings. Eighth IEEE International Conference on},
  volume={2},
  pages={508--515},
  year={2001},
  organization={IEEE}
}

@article{felzenszwalb2006efficient,
  title={Efficient belief propagation for early vision},
  author={Felzenszwalb, Pedro F and Huttenlocher, Daniel P},
  journal={International journal of computer vision},
  volume={70},
  number={1},
  pages={41--54},
  year={2006},
  publisher={Springer}
}


%%%%%%%%%%%%%%%%%%%% datasets %%%%%%%%%%%%%%%%%%%%%%%%%%%%%%%%%%%%
%%%%%%%%%%%%%%% middlebury %%%%%%%%%%%%%%%%%%%%%%%%%%%%%%%%%%%%%
%%%% 2001 %%%%%%

%%%% 2003 %%%%%%
@inproceedings{scharstein2003high,
  title={High-accuracy stereo depth maps using structured light},
  author={Scharstein, Daniel and Szeliski, Richard},
  booktitle={Computer Vision and Pattern Recognition, 2003. Proceedings. 2003 IEEE Computer Society Conference on},
  volume={1},
  pages={I--I},
  year={2003},
  organization={IEEE}
}
%%%% 2005 %%%%%%
@inproceedings{scharstein2007learning,
  title={Learning conditional random fields for stereo},
  author={Scharstein, Daniel and Pal, Chris},
  booktitle={Computer Vision and Pattern Recognition, 2007. CVPR'07. IEEE Conference on},
  pages={1--8},
  year={2007},
  organization={IEEE}
}

%%%% 2006 %%%%%
@inproceedings{hirschmuller2007evaluation,
  title={Evaluation of cost functions for stereo matching},
  author={Hirschmuller, Heiko and Scharstein, Daniel},
  booktitle={Computer Vision and Pattern Recognition, 2007. CVPR'07. IEEE Conference on},
  pages={1--8},
  year={2007},
  organization={IEEE}
}

%%%% 2014 %%%%%%%%
@inproceedings{scharstein2014high,
  title={High-resolution stereo datasets with subpixel-accurate ground truth},
  author={Scharstein, Daniel and Hirschm{\"u}ller, Heiko and Kitajima, York and Krathwohl, Greg and Ne{\v{s}}i{\'c}, Nera and Wang, Xi and Westling, Porter},
  booktitle={German Conference on Pattern Recognition},
  pages={31--42},
  year={2014},
  organization={Springer, Cham}
}

%%%%%%%%%%%%%%%%%%% kitti %%%%%%%%%%%%%%%%%%%%%%%%%%%%%%%%
%%%%%%% 2012 %%%%%%%%%%%%%%
@article{geiger2012we,
  title={Are we ready for Autonomous Driving? The KITTI Vision Benchmark Suite},
  author={Geiger, Andreas and Lenz, Philip and Urtasun, Raquel},
  journal={Computer Vision and Pattern Recognition (CVPR),(Providence, USA)},
  year={2012}
}

%%%%%%% 2015 %%%%%%%%%%%%
@inproceedings{menze2015object,
  title={Object Scene Flow for Autonomous Vehicles},
  author={Menze, Moritz and Geiger, Andreas},
  booktitle={Proceedings of the IEEE Conference on Computer Vision and Pattern Recognition},
  pages={3061--3070},
  year={2015}
}

%%%%%%%%%%%%%%% synthetic %%%%%%%%%%
@inproceedings{mayer2016large,
  title={A large dataset to train convolutional networks for disparity, optical flow, and scene flow estimation},
  author={Mayer, Nikolaus and Ilg, Eddy and Hausser, Philip and Fischer, Philipp and Cremers, Daniel and Dosovitskiy, Alexey and Brox, Thomas},
  booktitle={Proceedings of the IEEE Conference on Computer Vision and Pattern Recognition},
  pages={4040--4048},
  year={2016}
}

%%%%%%%%%%%%%%%%%%%%%%%%%%%%%%%%%%%%%%%%%%%%%%%%%%%%%%%%%%%%%
%%%%%%%%%%%%%%%%%% photos %%%%%%%%%%%%%%%%%%%%%%%%%%%%%%%%%%%
@MISC{TUMLesson,
    author = {{Christian Unger for the lesson "Computer Aided Medical Procedures" at TUM.}},
    title = {Stereo Matching},
    year = {2009},
    url = {http://campar.in.tum.de/twiki/pub/Chair/TeachingWs09Cv2/3D_CV2_WS_2009_Stereo.pdf}
}

@MISC{WikipediaRectification,
    author = {{Wikipedia, the free encyclopedia}},
    title = {Image Rectification},
    url = {https://en.wikipedia.org/wiki/File:2DRectificationBAG.jpg}
}

@MISC{SGMTutorial,
    author = {Zachary Moratto},
    title = {Semi-Global Matching},
    year = {September 4, 2013},
    url = {http://lunokhod.org/?p=1356}
}