\nocite{*}

@article{zbontar2016stereo,
  title={Stereo matching by training a convolutional neural network to compare image patches},
  author={Zbontar, Jure and LeCun, Yann},
  journal={Journal of Machine Learning Research},
  volume={17},
  number={1-32},
  pages={2},
  year={2016}
}

@inproceedings{Luo,
  author    = {Wenjie Luo and
               Alexander G. Schwing and
               Raquel Urtasun},
  title     = {Efficient Deep Learning for Stereo Matching},
  booktitle = {{CVPR}},
  pages     = {5695--5703},
  publisher = {{IEEE} Computer Society},
  year      = {2016}
}

@inproceedings{kendall2017end,
  title={End-to-End Learning of Geometry and Context for Deep Stereo Regression},
  author={Kendall, Alex and Martirosyan, Hayk and Dasgupta, Saumitro and Henry, Peter and Kennedy, Ryan and Bachrach, Abraham and Bry, Adam},
  booktitle={Proceedings of the IEEE International Conference on Computer Vision},
  year={2017}
}

@article{gidaris2016detect,
  title={Detect, Replace, Refine: Deep Structured Prediction For Pixel Wise Labeling},
  author={Gidaris, Spyros and Komodakis, Nikos},
  journal={arXiv preprint arXiv:1612.04770},
  year={2016}
}